<?xml version="1.0" encoding="UTF-8"?>
  <record xmlns="http://www.loc.gov/MARC21/slim" type="Authority">
    <leader>00000nz  a2200000nc 4500</leader>
    <controlfield tag="001">121091074</controlfield>
    <controlfield tag="003">DE-101</controlfield>
    <controlfield tag="005">20211106191355.0</controlfield>
    <controlfield tag="008">990519n||aznnnaabn           | aaa    |c</controlfield>
    <datafield tag="024" ind1="7" ind2=" ">
      <subfield code="a">121091074</subfield>
      <subfield code="0">http://d-nb.info/gnd/121091074</subfield>
      <subfield code="2">gnd</subfield>
    </datafield>
    <datafield tag="035" ind1=" " ind2=" ">
      <subfield code="a">(DE-101)121091074</subfield>
    </datafield>
    <datafield tag="035" ind1=" " ind2=" ">
      <subfield code="a">(DE-588)121091074</subfield>
    </datafield>
    <datafield tag="035" ind1=" " ind2=" ">
      <subfield code="z">(DE-588a)121091074</subfield>
      <subfield code="9">v:zg</subfield>
    </datafield>
    <datafield tag="040" ind1=" " ind2=" ">
      <subfield code="a">DE-12</subfield>
      <subfield code="c">DE-12</subfield>
      <subfield code="9">r:DE-12</subfield>
      <subfield code="b">ger</subfield>
      <subfield code="d">1841</subfield>
    </datafield>
    <datafield tag="042" ind1=" " ind2=" ">
      <subfield code="a">gnd1</subfield>
    </datafield>
    <datafield tag="043" ind1=" " ind2=" ">
      <subfield code="c">XA-DE</subfield>
    </datafield>
    <datafield tag="075" ind1=" " ind2=" ">
      <subfield code="b">p</subfield>
      <subfield code="2">gndgen</subfield>
    </datafield>
    <datafield tag="075" ind1=" " ind2=" ">
      <subfield code="b">piz</subfield>
      <subfield code="2">gndspec</subfield>
    </datafield>
    <datafield tag="079" ind1=" " ind2=" ">
      <subfield code="a">g</subfield>
      <subfield code="q">a</subfield>
      <subfield code="q">f</subfield>
    </datafield>
    <datafield tag="100" ind1="0" ind2=" ">
      <subfield code="a">Heinrich</subfield>
      <subfield code="c">Hessen-Darmstadt, Landgraf, 1590-1601</subfield>
      <subfield code="d">1590-1601</subfield>
    </datafield>
    <datafield tag="375" ind1=" " ind2=" ">
      <subfield code="a">1</subfield>
      <subfield code="2">iso5218</subfield>
    </datafield>
    <datafield tag="400" ind1="0" ind2=" ">
      <subfield code="a">Heinrich</subfield>
      <subfield code="c">Katzenelnbogen, Graf</subfield>
      <subfield code="d">1590-1601</subfield>
    </datafield>
    <datafield tag="400" ind1="1" ind2=" ">
      <subfield code="a">Catzenelnbogen, Henrich &#152;zu&#156;</subfield>
      <subfield code="d">1590-1601</subfield>
    </datafield>
    <datafield tag="400" ind1="1" ind2=" ">
      <subfield code="a">Katzenelnbogen, Heinrich &#152;zu&#156;</subfield>
      <subfield code="d">1590-1601</subfield>
    </datafield>
    <datafield tag="400" ind1="0" ind2=" ">
      <subfield code="a">Henrich</subfield>
      <subfield code="c">Catzenelnbogen, Graf</subfield>
      <subfield code="d">1590-1601</subfield>
    </datafield>
    <datafield tag="400" ind1="0" ind2=" ">
      <subfield code="a">Henrich</subfield>
      <subfield code="c">Dietz, Graf</subfield>
      <subfield code="d">1590-1601</subfield>
    </datafield>
    <datafield tag="400" ind1="0" ind2=" ">
      <subfield code="a">Heinrich</subfield>
      <subfield code="c">Dietz, Graf</subfield>
      <subfield code="d">1590-1601</subfield>
    </datafield>
    <datafield tag="400" ind1="1" ind2=" ">
      <subfield code="a">Dietz, Heinrich &#152;zu&#156;</subfield>
      <subfield code="d">1590-1601</subfield>
    </datafield>
    <datafield tag="400" ind1="1" ind2=" ">
      <subfield code="a">Dietz, Henrich &#152;zu&#156;</subfield>
      <subfield code="d">1590-1601</subfield>
    </datafield>
    <datafield tag="400" ind1="0" ind2=" ">
      <subfield code="a">Heinrich</subfield>
      <subfield code="c">Hessen, Landgraf</subfield>
      <subfield code="d">1590-1601</subfield>
    </datafield>
    <datafield tag="400" ind1="0" ind2=" ">
      <subfield code="a">Henrich</subfield>
      <subfield code="c">Hessen-Darmstadt, Landgraf, 1590-1601</subfield>
      <subfield code="d">1590-1601</subfield>
    </datafield>
    <datafield tag="400" ind1="1" ind2=" ">
      <subfield code="a">Nidda, Heinrich &#152;zu&#156;</subfield>
      <subfield code="d">1590-1601</subfield>
    </datafield>
    <datafield tag="400" ind1="0" ind2=" ">
      <subfield code="a">Heinrich</subfield>
      <subfield code="c">Nidda, Graf</subfield>
      <subfield code="d">1590-1601</subfield>
    </datafield>
    <datafield tag="400" ind1="1" ind2=" ">
      <subfield code="a">Nidda, Henrich &#152;zu&#156;</subfield>
      <subfield code="d">1590-1601</subfield>
    </datafield>
    <datafield tag="400" ind1="0" ind2=" ">
      <subfield code="a">Henrich</subfield>
      <subfield code="c">Nidda, Graf</subfield>
      <subfield code="d">1590-1601</subfield>
    </datafield>
    <datafield tag="400" ind1="1" ind2=" ">
      <subfield code="a">Ziegenhain, Heinrich &#152;zu&#156;</subfield>
      <subfield code="d">1590-1601</subfield>
    </datafield>
    <datafield tag="400" ind1="1" ind2=" ">
      <subfield code="a">Zigenhain, Henrich &#152;zu&#156;</subfield>
      <subfield code="d">1590-1601</subfield>
    </datafield>
    <datafield tag="400" ind1="0" ind2=" ">
      <subfield code="a">Heinrich</subfield>
      <subfield code="c">Ziegenhain, Graf</subfield>
      <subfield code="d">1590-1601</subfield>
    </datafield>
    <datafield tag="400" ind1="0" ind2=" ">
      <subfield code="a">Henrich</subfield>
      <subfield code="c">Zigenhain, Graf</subfield>
      <subfield code="d">1590-1601</subfield>
    </datafield>
    <datafield tag="400" ind1="0" ind2=" ">
      <subfield code="a">Henrich</subfield>
      <subfield code="c">Hessen, Landgraf</subfield>
      <subfield code="d">1590-1601</subfield>
    </datafield>
    <datafield tag="400" ind1="0" ind2=" ">
      <subfield code="a">Henricus</subfield>
      <subfield code="c">Ziegenhainum, Comes</subfield>
      <subfield code="d">1590-1601</subfield>
    </datafield>
    <datafield tag="400" ind1="0" ind2=" ">
      <subfield code="a">Henricus</subfield>
      <subfield code="c">Cattimelibocens, Comes</subfield>
      <subfield code="d">1590-1601</subfield>
    </datafield>
    <datafield tag="400" ind1="0" ind2=" ">
      <subfield code="a">Heinrich</subfield>
      <subfield code="c">Nidda, Comes</subfield>
      <subfield code="d">1590-1601</subfield>
    </datafield>
    <datafield tag="400" ind1="0" ind2=" ">
      <subfield code="a">Heinrich</subfield>
      <subfield code="c">Ziegenhainum, Comes</subfield>
      <subfield code="d">1590-1601</subfield>
    </datafield>
    <datafield tag="400" ind1="0" ind2=" ">
      <subfield code="a">Heinrich</subfield>
      <subfield code="c">Dietzium, Comes</subfield>
      <subfield code="d">1590-1601</subfield>
    </datafield>
    <datafield tag="400" ind1="0" ind2=" ">
      <subfield code="a">Heinrich</subfield>
      <subfield code="c">Cattimelibocens, Comes</subfield>
      <subfield code="d">1590-1601</subfield>
    </datafield>
    <datafield tag="400" ind1="0" ind2=" ">
      <subfield code="a">Heinrich</subfield>
      <subfield code="c">Hassia, Landgravius</subfield>
      <subfield code="d">1590-1601</subfield>
    </datafield>
    <datafield tag="400" ind1="0" ind2=" ">
      <subfield code="a">Henricus</subfield>
      <subfield code="c">Dietzium, Comes</subfield>
      <subfield code="d">1590-1601</subfield>
    </datafield>
    <datafield tag="400" ind1="0" ind2=" ">
      <subfield code="a">Henricus</subfield>
      <subfield code="c">Hessen-Darmstadt, Landgraf, 1590-1601</subfield>
      <subfield code="d">1590-1601</subfield>
    </datafield>
    <datafield tag="400" ind1="0" ind2=" ">
      <subfield code="a">Henricus</subfield>
      <subfield code="c">Hassia, Landgravius</subfield>
      <subfield code="d">1590-1601</subfield>
    </datafield>
    <datafield tag="548" ind1=" " ind2=" ">
      <subfield code="a">1590-1601</subfield>
      <subfield code="4">datl</subfield>
      <subfield code="4">https://d-nb.info/standards/elementset/gnd#dateOfBirthAndDeath</subfield>
      <subfield code="w">r</subfield>
      <subfield code="i">Lebensdaten</subfield>
    </datafield>
    <datafield tag="550" ind1=" " ind2=" ">
      <subfield code="0">(DE-101)040217787</subfield>
      <subfield code="0">(DE-588)4021778-4</subfield>
      <subfield code="0">https://d-nb.info/gnd/4021778-4</subfield>
      <subfield code="a">Graf</subfield>
      <subfield code="4">adel</subfield>
      <subfield code="4">https://d-nb.info/standards/elementset/gnd#titleOfNobility</subfield>
      <subfield code="w">r</subfield>
      <subfield code="i">Adelstitel</subfield>
    </datafield>
    <datafield tag="667" ind1=" " ind2=" ">
      <subfield code="a">VD-17</subfield>
    </datafield>
    <datafield tag="672" ind1=" " ind2="0">
      <subfield code="a">Angelus, Johannes: Ein Christliche Leichpredigt ... - 1601</subfield>
    </datafield>
    <datafield tag="913" ind1=" " ind2=" ">
      <subfield code="S">pnd</subfield>
      <subfield code="i">5</subfield>
      <subfield code="a">Heinrich &lt;Hessen-Darmstadt, Landgraf, 1590-1601&gt;</subfield>
      <subfield code="0">(DE-588a)121091074</subfield>
    </datafield>
  </record>
